<?xml version="1.0" encoding="UTF-8"?><collection xmlns="http://www.loc.gov/MARC21/slim"><record><leader>00417nam--2200133-i-4500</leader><controlfield tag="001">000026931</controlfield><controlfield tag="002">20161230</controlfield><controlfield tag="005">20161230201036</controlfield><controlfield tag="008">060222s1000------------r-----000-0-eng-d</controlfield><datafield ind1=" " ind2=" " tag="080"><subfield code="a">541.64(043)</subfield></datafield><datafield ind1=" " ind2=" " tag="100"><subfield code="a">Kim, Zang Bu</subfield></datafield><datafield ind1=" " ind2=" " tag="245"><subfield code="a">Grefarea cordului tip vascoza cu monomeri vinilici si dienici. rezumatul tezei de doctorat</subfield></datafield><datafield ind1=" " ind2=" " tag="260"><subfield code="a">Iasi, Institutul De Chimie Macromoleculara Petru Ponti, 1977. 24p</subfield></datafield><datafield ind1=" " ind2=" " tag="852"><subfield code="a">44747</subfield></datafield></record></collection>